% Encoding: UTF-8

@Article{lee-orig,
  author  = {C.Y. Lee},
  journal = {IRE Trans. Electronac Computers},
  title   = {An algorithm for path connections andits applirations},
  year    = {1961},
}

@InBook{bfs,
  author    = {Левитин А. В.},
  chapter   = {5: Метод уменьшения размера задачи: Поиск в ширину},
  publisher = {М.: «Вильямс»},
  title     = {Алгоритмы. Введение в разработку и анализ},
  year      = {2006},
}

@Online{queue++,
  title   = {std::queue},
  url     = {https://en.cppreference.com/w/cpp/container/queue},
  urldate = {2021-10-09},
}

@Online{threads++,
  title   = {std::thread},
  url     = {https://en.cppreference.com/w/cpp/thread/thread},
  urldate = {2021-10-09},
}

@Comment{jabref-meta: databaseType:bibtex;}
