% Encoding: UTF-8

@Book{tsp,
  author = {Lawler, E. L.},
  title  = {The Travelling Salesman Problem: A Guided Tour of Combinatorial Optimization},
  year   = {1985},
}

@Article{ant-orig,
  author  = {Штовба С.Д.},
  journal = {Exponenta Pro. Математика в приложениях},
  title   = {Муравьиные алгоритмы},
  year    = {2003},
}

@Book{ant-ulya,
  author    = {М. В. Ульянов},
  editor    = {В. С. Аролович},
  publisher = {Физматлит},
  title     = {Ресурсно-эффективные компьютерные алгоритмы. Разработка и анализ},
  year      = {2008},
}

@Article{ant-cause,
  author  = {Э.И. Ватутин, В.С. Титов},
  journal = {Математическое и программное обеспечение суперкомпьютеров},
  title   = {Анализ результатов применения алгоритма муравьиной колонии в задаче поиска пути в графе при наличии ограничений},
}

@Article{colony,
  author  = {Акименко А. C.},
  journal = {Вестник науки и обрахования},
  title   = {Метод ACO для решения задач оптимизации},
  year    = {2018},
}

@Comment{jabref-meta: databaseType:bibtex;}
